@Article{lmvTabu,
 author = {Lodi, A. and Martello, S. and Vigo, D.},
 title = {Heuristic and Metaheuristic Approaches for a Class of Two-Dimensional Bin Packing Problems},
 journal = {INFORMS Journal on Computing},
 year = {1999}
}

@Article{lmvTspack,
 author = {Lodi, A. and Martello, S. and Vigo, D.},
 title = {TSPack: A Unified Tabu Search Code for Multi-Dimensional Bin Packing Problems},
 year = {2002}
}